@article{bin2009cca,
	title={An online multi-channel SSVEP-based brain-computer interface using a canonical correlation analysis method},
	author={Guangyu Bin and Xiaorong Gao and Zheng Yan and Bo Hong and Shangkai Gao},
	journal={Journal of Neural Engineering},
	volume={6},
	number={4},
	year={2009},
	publisher={IOP Publishing}
}
pages={1--1},

@article{scikit-learn,
	title={Scikit-learn: Machine Learning in {P}ython},
	author={Pedregosa, F. and Varoquaux, G. and Gramfort, A. and Michel, V.
	        and Thirion, B. and Grisel, O. and Blondel, M. and Prettenhofer, P.
	        and Weiss, R. and Dubourg, V. and Vanderplas, J. and Passos, A. and
	        Cournapeau, D. and Brucher, M. and Perrot, M. and Duchesnay, E.},
	journal={Journal of Machine Learning Research},
	volume={12},
	pages={2825--2830},
	year={2011}
}

@ARTICLE{psychopy,
	AUTHOR={Peirce, Jonathan W.},   
	TITLE={Generating stimuli for neuroscience using PsychoPy},      
	JOURNAL={Frontiers in Neuroinformatics},      
	VOLUME={2},      
	YEAR={2009},      
	NUMBER={10},     
	URL={http://www.frontiersin.org/neuroinformatics/10.3389/neuro.11.010.2008/abstract},       
	DOI={10.3389/neuro.11.010.2008},      
	ISSN={1662-5196} ,      
}
@article{scipy,
	title={Python for Scientific Computing},
	author={Fernando PÃ©rez and Brian E. Granger},
	journal={Computing in Science \& Engineering},
	volume={9},
	number={3},
	year={2007},
	pages={10-20},
	ISSN={1521-9615},
	DOI={10.1109/MCSE.2007.58}
}






